@inproceedings{abadi2006integrating,
  title={Integrating compression and execution in column-oriented database systems},
  author={Abadi, Daniel and Madden, Samuel and Ferreira, Miguel},
  booktitle={Proceedings of the 2006 ACM SIGMOD international conference on Management of data},
  pages={671--682},
  year={2006},
  organization={ACM}
}

@inproceedings{goldstein1998compressing,
  title={Compressing relations and indexes},
  author={Goldstein, Jonathan and Ramakrishnan, Raghu and Shaft, Uri},
  booktitle={Proceedings 14th International Conference on Data Engineering},
  pages={370--379},
  year={1998},
  organization={IEEE}
}

@article{lemire2015decoding,
  title={Decoding billions of integers per second through vectorization},
  author={Lemire, Daniel and Boytsov, Leonid},
  journal={Software: Practice and Experience},
  volume={45},
  number={1},
  pages={1--29},
  year={2015},
  publisher={Wiley Online Library}
}

@article{roth1993database,
  title={Database compression},
  author={Roth, Mark A and Van Horn, Scott J},
  journal={ACM Sigmod Record},
  volume={22},
  number={3},
  pages={31--39},
  year={1993},
  publisher={ACM}
}

@book{zukowski2006super,
  title={Super-scalar RAM-CPU cache compression},
  author={Zukowski, Marcin and Heman, Sandor and Nes, Niels and Boncz, Peter},
  year={2006},
  publisher={IEEE}
}

@inproceedings{boncz2013tpc,
  title={TPC-H analyzed: Hidden messages and lessons learned from an influential benchmark},
  author={Boncz, Peter and Neumann, Thomas and Erling, Orri},
  booktitle={Technology Conference on Performance Evaluation and Benchmarking},
  pages={61--76},
  year={2013},
  organization={Springer}
}

@inproceedings{nambiar2006making,
  title={The making of TPC-DS},
  author={Nambiar, Raghunath Othayoth and Poess, Meikel},
  booktitle={Proceedings of the 32nd international conference on Very large data bases},
  pages={1049--1058},
  year={2006},
  organization={VLDB Endowment}
}

@article{lee2014joins,
  title={Joins on encoded and partitioned data},
  author={Lee, Jae-Gil and Attaluri, Gopi and Barber, Ronald and Chainani, Naresh and Draese, Oliver and Ho, Frederick and Idreos, Stratos and Kim, Min-Soo and Lightstone, Sam and Lohman, Guy and others},
  journal={Proceedings of the VLDB Endowment},
  volume={7},
  number={13},
  pages={1355--1366},
  year={2014},
  publisher={VLDB Endowment}
}

@inproceedings{damme2017lightweight,
  title={Lightweight Data Compression Algorithms: An Experimental Survey (Experiments and Analyses).},
  author={Damme, Patrick and Habich, Dirk and Hildebrandt, Juliana and Lehner, Wolfgang},
  booktitle={EDBT},
  pages={72--83},
  year={2017}
}

@inproceedings{lang2016data,
  title={Data blocks: hybrid OLTP and OLAP on compressed storage using both vectorization and compilation},
  author={Lang, Harald and M{\"u}hlbauer, Tobias and Funke, Florian and Boncz, Peter A and Neumann, Thomas and Kemper, Alfons},
  booktitle={Proceedings of the 2016 International Conference on Management of Data},
  pages={311--326},
  year={2016},
  organization={ACM}
}

@article{raman2013db2,
  title={DB2 with BLU acceleration: So much more than just a column store},
  author={Raman, Vijayshankar and Attaluri, Gopi and Barber, Ronald and Chainani, Naresh and Kalmuk, David and KulandaiSamy, Vincent and Leenstra, Jens and Lightstone, Sam and Liu, Shaorong and Lohman, Guy M and others},
  journal={Proceedings of the VLDB Endowment},
  volume={6},
  number={11},
  pages={1080--1091},
  year={2013},
  publisher={VLDB Endowment}
}

@inproceedings{kemper2011hyper,
  title={HyPer: A hybrid OLTP\&OLAP main memory database system based on virtual memory snapshots},
  author={Kemper, Alfons and Neumann, Thomas},
  booktitle={2011 IEEE 27th International Conference on Data Engineering},
  pages={195--206},
  year={2011},
  organization={IEEE}
}

@inproceedings{zukowski2012vectorwise,
  title={Vectorwise: A vectorized analytical DBMS},
  author={Zukowski, Marcin and Van de Wiel, Mark and Boncz, Peter},
  booktitle={2012 IEEE 28th International Conference on Data Engineering},
  pages={1349--1350},
  year={2012},
  organization={IEEE}
}

@inproceedings{polychroniou2015efficient,
  title={Efficient lightweight compression alongside fast scans},
  author={Polychroniou, Orestis and Ross, Kenneth A},
  booktitle={Proceedings of the 11th International Workshop on Data Management on New Hardware},
  pages={9},
  year={2015},
  organization={ACM}
}

@inproceedings{graefe1991data,
  title={Data compression and database performance},
  author={Graefe, Goetz and Shapiro, Leonard D},
  booktitle={[Proceedings] 1991 Symposium on Applied Computing},
  pages={22--27},
  year={1991},
  organization={IEEE}
}

@inproceedings{vogelsgesang2018get,
  title={Get real: How benchmarks fail to represent the real world},
  author={Vogelsgesang, Adrian and Haubenschild, Michael and Finis, Jan and Kemper, Alfons and Leis, Viktor and Muehlbauer, Tobias and Neumann, Thomas and Then, Manuel},
  booktitle={Proceedings of the Workshop on Testing Database Systems},
  pages={1},
  year={2018},
  organization={ACM}
}

@inproceedings{raman2006wring,
  title={How to wring a table dry: Entropy compression of relations and querying of compressed relations},
  author={Raman, Vijayshankar and Swart, Garret},
  booktitle={Proceedings of the 32nd international conference on Very large data bases},
  pages={858--869},
  year={2006},
  organization={VLDB Endowment}
}

@article{cramir1946mathematical,
  title={Mathematical methods of statistics},
  author={Cramir, Harald},
  journal={Princeton U. Press, Princeton},
  pages={282},
  year={1946}
}

@article{press1992theilsu,
  title={Numerical Recipes: the Art of Scientific Computing (3rd ed.)},
  author={Press, William and Flannery, Brian and Teukolsky, Saul and Vetterling, William},
  journal={Cambridge U. Press, Cambridge},
  pages={761},
  year={1992}
}

@inproceedings{sidirourgos2013column,
  title={Column imprints: a secondary index structure},
  author={Sidirourgos, Lefteris and Kersten, Martin},
  booktitle={Proceedings of the 2013 ACM SIGMOD International Conference on Management of Data},
  pages={893--904},
  year={2013},
  organization={ACM}
}

@inproceedings{levenshtein1966binary,
  title={Binary codes capable of correcting deletions, insertions, and reversals},
  author={Levenshtein, Vladimir I},
  booktitle={Soviet physics doklady},
  volume={10},
  number={8},
  pages={707--710},
  year={1966}
}

@inproceedings{boncz2005monetdb,
  title={MonetDB/X100: Hyper-Pipelining Query Execution.},
  author={Boncz, Peter A and Zukowski, Marcin and Nes, Niels},
  booktitle={Cidr},
  volume={5},
  pages={225--237},
  year={2005}
}

@article{kersten2018everything,
  title={Everything you always wanted to know about compiled and vectorized queries but were afraid to ask},
  author={Kersten, Timo and Leis, Viktor and Kemper, Alfons and Neumann, Thomas and Pavlo, Andrew and Boncz, Peter},
  journal={Proceedings of the VLDB Endowment},
  volume={11},
  number={13},
  pages={2209--2222},
  year={2018},
  publisher={VLDB Endowment}
}

@inproceedings{kraska2018case,
  title={The case for learned index structures},
  author={Kraska, Tim and Beutel, Alex and Chi, Ed H and Dean, Jeffrey and Polyzotis, Neoklis},
  booktitle={Proceedings of the 2018 International Conference on Management of Data},
  pages={489--504},
  year={2018},
  organization={ACM}
}

@inproceedings{idreos2019auto,
  title={From auto-tuning one size fits all to self-designed and learned data-intensive systems},
  author={Idreos, Stratos and Kraska, Tim},
  booktitle={ACM SIGMOD},
  year={2019}
}

@article{kraska2019sagedb,
  title={Sagedb: A learned database system},
  author={Kraska, Tim and Alizadeh, Mohammad and Beutel, Alex and Chi, Ed H and Ding, Jialin and Kristo, Ani and Leclerc, Guillaume and Madden, Samuel and Mao, Hongzi and Nathan, Vikram},
  year={2019}
}

% ---------- misc ---------- %

@misc{pbib,
  key={pbib},
  title={Public BI Benchmark},
  howpublished={\url{https://github.com/cwida/public_bi_benchmark}},
  note={Accessed: 2019-03-13}
}

@misc{tableaupublic,
  key={tableaupublic},
  title={Tableau Public},
  howpublished={\url{https://public.tableau.com}},
  note={Accessed: 2019-03-14}
}

@misc{actianingres,
  key={actianingres},
  title={Ingres 10.2. OpenAPI User Guide},
  howpublished={\url{https://supportactian.secure.force.com/help/servlet/fileField?id=0BEf3000000PLPU}},
  note={Accessed: 2019-07-02}
}

@misc{monetdbdatatypes,
  key={monetdbdatatypes},
  title={MonetDB data types},
  howpublished={\url{https://www.monetdb.org/book/export/html/187}},
  note={Accessed: 2019-07-05}
}

@misc{vectorwisedecimal,
  key={vectorwisedatatypes},
  title={VectorWise decimal data type},
  howpublished={\url{https://docs.actian.com/ingres/10s/index.html\#page/SQLRef/Decimal_Data_Type.htm}},
  note={Accessed: 2019-07-05}
}

@misc{vwvwload,
  key={vwvwload},
  title={vwload Command--Load Data into a Table},
  howpublished={\url{https://docs.actian.com/ingres/11.0/index.html\#page/CommandRef\%2Fvwload_Command--Load_Data_into_a_Table.htm}},
  note={Accessed: 2019-07-18}
}

@misc{vwperfguide,
  key={vwperfguide},
  title={Performance Tips},
  howpublished={\url{https://docs.actian.com/vector/4.2/index.html\#page/User/Performance_Tips.htm}},
  note={Accessed: 2019-07-18}
}

@misc{pypiregex,
  key={pypiregex},
  title={regex 2019.06.08},
  howpublished={\url{https://pypi.org/project/regex}},
  note={Accessed: 2019-07-18}
}

@misc{linuxstructstat,
  key={linuxstructstat},
  title={Linux Programmer's Manual. STAT(2)},
  howpublished={\url{http://man7.org/linux/man-pages/man2/stat.2.html}},
  note={Accessed: 2019-07-18}
}

@misc{vwstatdump,
  key={vwstatdump},
  title={statdump Command--Print Statistics in iistats and iihistogram Catalogs},
  howpublished={\url{https://docs.actian.com/vector/5.0/index.html\#page/User/statdump_Command--Print_Statistics_in_iistats_an.htm}},
  note={Accessed: 2019-07-18}
}

@misc{sqlcoalesce,
  key={sqlcoalesce},
  title={Database SQL Language Reference. COALESCE},
  howpublished={\url{https://docs.oracle.com/cd/B28359_01/server.111/b28286/functions023.htm}},
  note={Accessed: 2019-07-29}
}